<?xml version="1.0" encoding="UTF-8"?>
<collection xmlns:xsi="http://www.w3.org/2001/XMLSchema-instance" xsi:schemaLocation="http://www.loc.gov/MARC21/slim http://www.loc.gov/standards/marcxml/schema/MARC21slim.xsd" xmlns="http://www.loc.gov/MARC21/slim">
<record>
  <leader>00882cam a22002171  4500</leader>
  <controlfield tag="001">2678153</controlfield>
  <controlfield tag="003">NNC</controlfield>
  <controlfield tag="005">20141216084929.0</controlfield>
  <controlfield tag="008">990404s1954    le            000 0 ara d</controlfield>
  <datafield tag="035" ind1=" " ind2=" ">
    <subfield code="a">(OCoLC)ocm41100227</subfield>
  </datafield>
  <datafield tag="035" ind1=" " ind2=" ">
    <subfield code="9">ARC6912CU</subfield>
  </datafield>
  <datafield tag="035" ind1=" " ind2=" ">
    <subfield code="a">(NNC)2678153</subfield>
  </datafield>
  <datafield tag="040" ind1=" " ind2=" ">
    <subfield code="a">CGU</subfield>
    <subfield code="c">CGU</subfield>
    <subfield code="d">OCL</subfield>
    <subfield code="d">ZCU</subfield>
  </datafield>
  <datafield tag="099" ind1=" " ind2=" ">
    <subfield code="a">956</subfield>
    <subfield code="a">J22</subfield>
  </datafield>
  <datafield tag="111" ind1="2" ind2=" ">
    <subfield code="a">Muʼtamar al-Khirrījīn al-Dāʼim li-Qaḍāyā al-Waṭan al-ʻArabī</subfield>
    <subfield code="n">(1st :</subfield>
    <subfield code="d">1954 :</subfield>
    <subfield code="c">Beirut, Lebanon)</subfield>
  </datafield>
  <datafield tag="245" ind1="1" ind2="0">
    <subfield code="a">Muʾtamar al-Khirrījīn al-Dāʾim li-Qaḍāyā al-Waṭan al-ʻArabī al-munʻaqid fī Qaṣr al-Yūniskū, al-dawrah al-ūlá, 23-25 Ḥazīrān 1954, Bayrūt.</subfield>
  </datafield>
  <datafield tag="260" ind1=" " ind2=" ">
    <subfield code="a">Bayrūt,</subfield>
    <subfield code="c">1954</subfield>
  </datafield>
  <datafield tag="300" ind1=" " ind2=" ">
    <subfield code="a">144 p. :</subfield>
    <subfield code="b">ill. ;</subfield>
    <subfield code="c">30 cm.</subfield>
  </datafield>
  <datafield tag="651" ind1=" " ind2="0">
    <subfield code="a">Arab countries</subfield>
    <subfield code="x">Politics and government</subfield>
    <subfield code="v">Congresses.</subfield>
  </datafield>
  <datafield tag="710" ind1="2" ind2=" ">
    <subfield code="a">League of Arab States.</subfield>
    <subfield code="b">Mīthāq Jāmiʻat al-Duwal al-ʻArabīyah</subfield>
    <subfield code="f">1954.</subfield>
  </datafield>
  <datafield tag="955" ind1=" " ind2=" ">
    <subfield code="b">0026812975</subfield>
    <subfield code="d">glx</subfield>
    <subfield code="e">956 J22</subfield>
  </datafield>
</record>
</collection>